
@InProceedings{DTW,
  author =	"Eamonn Keogh and M. Pazzani",
  booktitle =	"Proceedings 3rd European Conference on Principles and
		 Practice of Knowledge Discovery in Databases",
  keywords =	"dynamic analysis",
  pages =	"1--11",
  title =	"Scaling up dynamic time warping to massive datasets",
  year = 	"1999",
}
@InProceedings{Toward,
  author =	"Salvador S., Chan P. Fastdtw",
  booktitle =	"Toward accurate dynamic time warping in linear time and space // Workshop on Mining Temporal and Sequential Data",
  pages =	"11",
  year = 	"2004",
}


@Article{Mercer,
  author =	"J. Mercer",
  title =	"Functions of positive and negative type and their
		 connection with the theory of integral equations",
  journal =	"Philos. Trans. Royal Soc. (A)",
  volume =	"83",
  number =	"559",
  pages =	"69--70",
  month =	nov,
  year = 	"1909",
  keywords =	"jrnl, PTRS, c1909, c190x, c19xx, Mercer's theorem,
		 Mercers, kernel function, positive definite, SVM, SVMs,
		 machine",
}

@Article{SVM_Bennett,
  title =	"Support Vector Machines: Hype or Hallelujah?",
  author =	"Kristin P. Bennett and Colin Campbell",
  journal =	"SIGKDD Explorations",
  year = 	"2000",
  number =	"2",
  volume =	"2",
  bibdate =	"2018-11-06",
  bibsource =	"DBLP,
		 http://dblp.uni-trier.de/https://doi.org/10.1145/380995.380999;
		 DBLP,
		 http://dblp.uni-trier.de/db/journals/sigkdd/sigkdd2.html#BennettC00",
  pages =	"1--13",
}
@InProceedings{Evklid,
  author =	"C. Faloutsos and M. Ranganathan and Y. Manolopoulos",
  title =	"Fast subsequence matching in time-series databases",
  booktitle =	"ACM SIGMOD Conference on the Management of Data",
  address =	"Minneapolis, USA",
  pages =	"419--429",
  keywords =	"STDMBib1.4 STDM2Series",
  year = 	"1994",
}

@InProceedings{DTW1,
  author =	"Berndt D. J., Clifford J. ",
  title =	"FUsing dynamic time warping to find patterns in time series ",
  booktitle =	"// Workshop on Knowledge Discovery in Databases",
  pages =	"359--370",
  year = 	"1994",
}

@Article{DTW2,
  title =	"Exact indexing of dynamic time warping",
  author =	"Eamonn J. Keogh and Chotirat (Ann) Ratanamahatana",
  journal =	"Knowl. Inf. Syst",
  year = 	"2005",
  number =	"3",
  volume =	"7",
  bibdate =	"2005-03-14",
  bibsource =	"DBLP,
		 http://dblp.uni-trier.de/db/journals/kais/kais7.html#KeoghR05",
  pages =	"358--386",
}

@InProceedings{MaxSequence,
  title =	"Discovering Similar Multidimensional Trajectories",
  author =	"Michail Vlachos and Dimitrios Gunopulos and George
		 Kollios",
  bibdate =	"2018-11-02",
  bibsource =	"DBLP,
		 http://dblp.uni-trier.de/https://doi.org/10.1109/ICDE.2002.994784;
		 DBLP,
		 http://dblp.uni-trier.de/db/conf/icde/icde2002.html#VlachosGK02",
  booktitle =	"ICDE",
  booktitle =	"Proceedings of the 18th International Conference on
		 Data Engineering, San Jose, CA, USA, February 26 -
		 March 1, 2002",
  publisher =	"IEEE Computer Society",
  year = 	"2002",
  editor =	"Rakesh Agrawal 0001 and Klaus R. Dittrich",
  ISBN = 	"0-7695-1531-2",
  pages =	"673--684",
  URL =  	"http://ieeexplore.ieee.org/xpl/mostRecentIssue.jsp?punumber=7807",
}

@Article{Noise,
  title =	"Querying and mining of time series data: experimental
		 comparison of representations and distance measures",
  author =	"Hui Ding and Goce Trajcevski and Peter Scheuermann and
		 Xiaoyue Wang and Eamonn J. Keogh",
  journal =	"PVLDB",
  year = 	"2008",
  number =	"2",
  volume =	"1",
  bibdate =	"2018-11-14",
  bibsource =	"DBLP,
		 http://dblp.uni-trier.de/https://doi.org/10.14778/1454159.1454226;
		 DBLP,
		 http://dblp.uni-trier.de/https://www.wikidata.org/entity/Q56228141;
		 DBLP,
		 http://dblp.uni-trier.de/db/journals/pvldb/pvldb1.html#DingTSWK08",
  pages =	"1542--1552",
  URL =  	"http://www.vldb.org/pvldb/1/1454226.pdf",
}

@InProceedings{Thebestmethod,
  author =	"Salvador S., Chan P. Fastdtw",
  title =	"Toward accurate dynamic time warping in linear time and space ",
  booktitle =	"Workshop on Mining Temporal and Sequential Data",
  pages =	"11",
  year = 	"2004",
}

@Inproceedings{Data,
    title =  	"http://neurotycho.org/download",
}

@InProceedings{DisartreSpeech,
  title =	"Polynomial dynamic time warping kernel support vector
		 machines for dysarthric speech recognition with sparse
		 training data",
  author =	"Vincent Wan and James Carmichael",
  publisher =	"ISCA",
  year = 	"2005",
  bibdate =	"2011-03-13",
  bibsource =	"DBLP,
		 http://dblp.uni-trier.de/db/conf/interspeech/interspeech2005.html#WanC05",
  booktitle =	"INTERSPEECH",
  crossref =	"conf/interspeech/2005",
  pages =	"3321--3324",
  URL =  	"http://www.isca-speech.org/archive/interspeech_2005/i05_3321.html",
}